% Encoding: UTF-8

@Article{Le2012,
  author  = {Le, Hoang An and Doan, Thong and Tran, Minh-Triet},
  title   = {{WEBCAM-BASED LASER DOT DETECTION TECHNIQUE IN COMPUTER REMOTE CONTROL}},
  journal = {Journal of Science and Technology (Vietnam)},
  year    = {2012},
  volume  = {48},
  month   = {01},
}

@Comment{jabref-meta: databaseType:bibtex;}
